@INPROCEEDINGS{5254230,
  author={Khan, M. Fahim Ferdous and Takeshi, Yashiro and So, Ito and Bessho, Masahiro and Sakamura, Ken},
  booktitle={2009 33rd Annual IEEE International Computer Software and Applications Conference}, 
  title={A Secure and Flexible Electronic-Ticket System}, 
  year={2009},
  volume={1},
  number={},
  pages={421-426},
  doi={10.1109/COMPSAC.2009.63}}


