% Referenties H5
@misc{Competitors:online,
author = {comparably},
title = {Ticketmaster Competitors | Comparably},
howpublished = {\url{https://www.comparably.com/companies/ticketmaster/competitors}},
year = {},
note = {(Accessed on 11/24/2023)}
}

@article{tompkinsanalysis,
  author          = {Tompkins, Terrance},
  journal         = {International Journal of Music Business Research},
  number          = {1},
  title           = {An analysis of ticket pricing in the primary and secondary concert marketplace},
  volume          = {8},
  year            = {2019}
}

@misc{Daniel:online,
author = {Daniel Tencer},
title = {The concert ticket market is 'dramatically underpriced'… and 3 other things we learned from Michael Rapino on Live Nation's Q1 earnings call - Music Business Worldwide},
howpublished = {\url{https://www.musicbusinessworldwide.com/the-concert-ticket-market-is-dramatically-underpriced-and-3-other-things-we-learned-from-michael-rapino-on-live-nations-q1-earnings-call/}},
year = {2023},
note = {(Accessed on 11/24/2023)}
}

@Article{Holmstrom2019,
author={Holmstrom, Erik},
title={Dancing in the Dark: An Analysis of the Live Entertainment Industry and the Deceptive Market Practices of Ticketmaster and Live Nation},
journal={Western Journal of Legal Studies},
year={2019},
volume={9},
number={2},
pages={1-22},
url={https://heinonline.org/HOL/P?h=hein.journals/wesjalals9&i=128},
url={https://heinonline.org/HOL/PrintRequest?handle=hein.journals/wesjalals9&collection=journals&div=10&id=128&print=section&sction=10},
language={eng}
}

@misc{Knack:online,
author = {Renee Henderlckx},
title = {Tackelen de Taylor Swift-fans het monopolie van Live Nation?},
howpublished = {\url{https://focus.knack.be/muziek/tackelen-de-taylor-swift-fans-de-monopolie-van-live-nation/}},
year = {2023},
note = {(Accessed on 11/24/2023)}
}

% Actualiteit Taylor Swift: ophef in 2022

@article{kelley2022senate,
  author          = {Kelley, Lora},
  journal         = {{The New York Times}},
  title           = {Senate Announces Hearing After Chaos Over {Taylor Swift} Ticket Sales},
  year            = {2022},
  month           = nov # "~22,",
  note            = {\url{https://www.nytimes.com/2022/11/22/business/senate-antitrust-ticketmaster-taylor-swift.html}}
}

@article{belga2022taylor,
  author          = {Belga},
  journal         = {{De Standaard}},
  title           = {{Taylor Swift} tackelt {Ticketmaster} na chaos bij ticketverkoop},
  year            = {2022},
  month           = nov # "~18,",
  note            = {\url{https://www.standaard.be/cnt/dmf20221118_97202987}}
}

% Actualiteit andere problemen in ticketsector dan november 2022

@article{sisario2023ticketmaster,
  author          = {Sisario, Ben},
  journal         = {{The New York Times}},
  title           = {{Ticketmaster} Pauses {Taylor Swift}’s {Eras Tour} Sale in {France}.},
  year            = {2023},
  month           = jul # "~11,",
  note            = {\url{https://www.nytimes.com/2023/07/11/arts/music/taylor-swift-ticketmaster-france.html}}
}

@article{timsit2023its,
  author          = {Timsit, Annabelle},
  journal         = {{The Washington Post}},
  title           = {It’s not just {Swifties}. {Ticketmaster} also enrages {Eurovision} fans.},
  year            = {2023},
  month           = mar # "~8,",
  note            = {\url{https://www.washingtonpost.com/arts-entertainment/2023/03/08/ticketmaster-eurovision-2023-ticket-sales/}}
}

@article{warren2023chatgpt,
  author          = {Warren, Tom},
  journal         = {{The Verge}},
  title           = {{ChatGPT} is back online after a 90-minute ‘major’ {OpenAI} outage},
  year            = {2023},
  month           = nov # "~8,",
  note            = {\url{https://www.theverge.com/2023/11/8/23952129/chatgpt-down-openai-api-major-outage}}
}

@article{warren2020discord,
  author          = {Warren, Tom},
  journal         = {{The Verge}},
  title           = {{Discord} experienced an outage that made many servers unavailable},
  year            = {2020},
  month           = mar # "~16,",
  note            = {\url{https://www.theverge.com/2020/3/16/21182489/discord-down-outage-server-issues-chat-api-errors-details}}
}

@article{reuters2023what,
  author          = {Reuters},
  journal         = {{Reuters}},
  title           = {What does {Twitter} 'rate limit exceeded' mean for users?},
  year            = {2023},
  month           = jul # "~4,",
  note            = {\url{https://www.reuters.com/technology/what-does-twitter-rate-limit-exceeded-mean-users-2023-07-03/}}
}


